<?xml version="1.0" encoding="UTF-8"?><collection xmlns="http://www.loc.gov/MARC21/slim"><record><leader>00501nam--2200133-i-4500</leader><controlfield tag="001">000032143</controlfield><controlfield tag="002">20161230</controlfield><controlfield tag="005">20161230201039</controlfield><controlfield tag="008">060222s1000------------r-----000-0-eng-d</controlfield><datafield ind1=" " ind2=" " tag="080"><subfield code="a">628.511:614.7</subfield></datafield><datafield ind1=" " ind2=" " tag="100"><subfield code="a">Marcotte, Francis</subfield></datafield><datafield ind1=" " ind2=" " tag="245"><subfield code="a">Pollution atmospherique et affections respiratoires. etude experimentale de certains effets biologiques des microconstituants de l`atmosphere. (these)</subfield></datafield><datafield ind1=" " ind2=" " tag="260"><subfield code="a">Lyon, Universite Claude Bernard-lyon, 1971, 98p. + Xix + Viii9bibl.)+ 2p.(Table..)</subfield></datafield><datafield ind1=" " ind2=" " tag="852"><subfield code="a">39001</subfield></datafield></record></collection>